<record><leader>00000cas a22000007a 4500</leader><controlfield tag="001">8810009</controlfield><controlfield tag="008">820927d19061998inudn ne      0   a0eng  </controlfield><datafield ind1=" " ind2=" " tag="010"><subfield code="a">sn 82015671 </subfield></datafield><datafield ind1=" " ind2=" " tag="040"><subfield code="a">DLC</subfield><subfield code="b">eng</subfield><subfield code="c">DLC</subfield><subfield code="d">NPI</subfield><subfield code="d">DLC</subfield><subfield code="d">NSD</subfield><subfield code="d">NVF</subfield><subfield code="d">EBZ</subfield><subfield code="d">NPI</subfield><subfield code="d">IUL</subfield><subfield code="d">DLC</subfield><subfield code="d">OCLCQ</subfield><subfield code="d">OCLCO</subfield><subfield code="d">OCLCQ</subfield><subfield code="d">OCLCF</subfield><subfield code="d">DLC</subfield></datafield><datafield ind1=" " ind2=" " tag="012"><subfield code="m">1</subfield></datafield><datafield ind1="1" ind2=" " tag="022"><subfield code="a">0896-6249</subfield><subfield code="l">0896-6249</subfield><subfield code="2">1</subfield></datafield><datafield ind1=" " ind2=" " tag="032"><subfield code="a">180580</subfield><subfield code="b">USPS</subfield></datafield><datafield ind1=" " ind2=" " tag="042"><subfield code="a">msc</subfield><subfield code="a">nsdp</subfield></datafield><datafield ind1=" " ind2=" " tag="043"><subfield code="a">n-us-in</subfield></datafield><datafield ind1="0" ind2="0" tag="050"><subfield code="a">Newspaper</subfield></datafield><datafield ind1=" " ind2="0" tag="222"><subfield code="a">Evansville press</subfield></datafield><datafield ind1="0" ind2="0" tag="245"><subfield code="a">Evansville press.</subfield></datafield><datafield ind1="3" ind2=" " tag="246"><subfield code="a">Sunday courier and press</subfield></datafield><datafield ind1=" " ind2=" " tag="260"><subfield code="a">Evansville, Ind. :</subfield><subfield code="b">[s.n.],</subfield><subfield code="c">-1998.</subfield></datafield><datafield ind1=" " ind2=" " tag="300"><subfield code="a">v. :</subfield><subfield code="b">ill. ;</subfield><subfield code="c">61 cm.</subfield></datafield><datafield ind1=" " ind2=" " tag="310"><subfield code="a">Daily (except Sunday and holidays),</subfield><subfield code="b">May 22, 1987-</subfield></datafield><datafield ind1=" " ind2=" " tag="321"><subfield code="a">Daily (except Sunday),</subfield><subfield code="b">&lt;July 3, 1906&gt;-1926</subfield></datafield><datafield ind1=" " ind2=" " tag="321"><subfield code="a">Daily,</subfield><subfield code="b">1926-Oct. 26, 1986</subfield></datafield><datafield ind1=" " ind2=" " tag="321"><subfield code="a">Daily (except Sunday),</subfield><subfield code="b">Nov. 2, 1986-May 21, 1987-</subfield></datafield><datafield ind1="1" ind2=" " tag="362"><subfield code="a">Began with July 2, 1906 issue.</subfield></datafield><datafield ind1="0" ind2=" " tag="362"><subfield code="a">-93rd year, no. 153 (Dec. 31, 1998).</subfield></datafield><datafield ind1=" " ind2=" " tag="500"><subfield code="a">Apr. 12, 1945 issue contains Extra ed.</subfield></datafield><datafield ind1=" " ind2=" " tag="500"><subfield code="a">Sunday ed. published jointly with: Evansville courier, as: Sunday courier and press, Jan. 1, 1939-Oct. 26, 1986.</subfield></datafield><datafield ind1=" " ind2=" " tag="500"><subfield code="a">Publisher: Hartmann Publications, Inc., &lt;Nov. 20, 1987-&gt;</subfield></datafield><datafield ind1=" " ind2=" " tag="580"><subfield code="a">Merged with: Evansville courier; to form: Evanville courier &amp; press.</subfield></datafield><datafield ind1=" " ind2=" " tag="588"><subfield code="a">Description based on: Vol. 1, no. 2 (July 3, 1906).</subfield></datafield><datafield ind1=" " ind2="0" tag="651"><subfield code="a">Evansville (Ind.)</subfield><subfield code="v">Newspapers.</subfield></datafield><datafield ind1=" " ind2="7" tag="651"><subfield code="a">Indiana</subfield><subfield code="z">Evansville.</subfield><subfield code="2">fast</subfield><subfield code="0">(OCoLC)fst01213859</subfield></datafield><datafield ind1=" " ind2="7" tag="655"><subfield code="a">Newspapers.</subfield><subfield code="2">fast</subfield><subfield code="0">(OCoLC)fst01423814</subfield></datafield><datafield ind1=" " ind2=" " tag="752"><subfield code="a">United States</subfield><subfield code="b">Indiana</subfield><subfield code="c">Vanderburgh</subfield><subfield code="d">Evansville.</subfield></datafield><datafield ind1="1" ind2="7" tag="785"><subfield code="t">Evansville courier</subfield><subfield code="x">1077-5390</subfield><subfield code="w">(DLC)sn 85047505</subfield><subfield code="w">(OCoLC)9201480</subfield></datafield><datafield ind1="1" ind2="7" tag="785"><subfield code="t">Evanville courier &amp; press</subfield><subfield code="w">(DLC)sn 98063103</subfield><subfield code="w">(OCoLC)40845313</subfield></datafield><datafield ind1="1" ind2=" " tag="029"><subfield code="a">AU@</subfield><subfield code="b">000020225430</subfield></datafield></record>